@online{almit_grabstein_manhattan,
  author       = {Almit GmbH},
  title        = {Grabstein-Effekt und Manhattan-Effekt - Terminologie des L{\"o}tens},
  year         = {2025},
  url          = {https://www.almit.de/terminologie-des-Lotens/grabstein-effekt--manhattan-effekt},
  note         = {Zuletzt abgerufen am 15. Januar 2025}
}